@article{osullivan2002,
  author    = {O'Sullivan, J. and Edmond, D. and Ter Hofstede, A.},
  title     = {What's in a Service?},
  journal   = {Distributed and Parallel Databases},
  volume    = {12},
  pages     = {117-133},
  year      = {2002},
}

@article{abugessaisa2023,
  author    = {Abugessaisa, Imad and Ã–stman, Anders},
  title     = {TESTING-SDI: E-GOVERNMENT PROSPECTIVE, REQUIREMENTS, AND CHALLENGES},
  year      = {2023},
}

@article{bouguettaya2017,
  author    = {Bouguettaya, A. and Medjahed, B. and Ouzzani, M. and Casati, F. and Liu, X. and Wang, H. and Benatallah, B.},
  title     = {A service computing manifesto},
  journal   = {Communications of the ACM},
  volume    = {60},
  number    = {4},
  pages     = {64-72},
  year      = {2017},
  doi       = {10.1145/2983528},
}

@inproceedings{li2019,
  author    = {W. Li and Y. Lemieux and J. Gao and Z. Zhao and Y. Han},
  title     = {Service Mesh: Challenges, State of the Art, and Future Research Opportunities},
  booktitle = {2019 IEEE International Conference on Service-Oriented System Engineering (SOSE)},
  year      = {2019},
  pages     = {122-1225},
  doi       = {10.1109/SOSE.2019.00026},
}

@inproceedings{ganguli2021,
  author    = {M. Ganguli and S. Ranganath and S. Ravisundar and A. Layek and D. Ilangovan and E. Verplanke},
  title     = {Challenges and Opportunities in Performance Benchmarking of Service Mesh for the Edge},
  booktitle = {2021 IEEE International Conference on Edge Computing (EDGE)},
  year      = {2021},
  pages     = {78-85},
  doi       = {10.1109/EDGE53862.2021.00020},
}

@inproceedings{papazoglou,
  author    = {Papazoglou, M. P.},
  title     = {Service-oriented computing: concepts, characteristics and directions},
  booktitle = {Proceedings of the 7th International Conference on Properties and Applications of Dielectric Materials (Cat. No.03CH37417)},
  doi       = {10.1109/wise.2003.1254461},
}